<?xml version="1.0" encoding="UTF-8"?><record xmlns="http://www.loc.gov/MARC21/slim" xmlns:cinclude="http://apache.org/cocoon/include/1.0" xmlns:zs="http://www.loc.gov/zing/srw/">
  <leader>00789cz  a2200169n  4500</leader>
  <controlfield tag="001">no2004047829</controlfield>
  <controlfield tag="003">DLC</controlfield>
  <controlfield tag="005">20040525052213.0</controlfield>
  <controlfield tag="008">040518n| acannaabn          |n aad     c</controlfield>
  <datafield tag="010" ind1=" " ind2=" ">
    <subfield code="a">no2004047829</subfield>
  </datafield>
  <datafield tag="035" ind1=" " ind2=" ">
    <subfield code="a">(OCoLC)oca06349875</subfield>
  </datafield>
  <datafield tag="040" ind1=" " ind2=" ">
    <subfield code="a">MdU</subfield>
    <subfield code="b">eng</subfield>
    <subfield code="c">MdU</subfield>
  </datafield>
  <datafield tag="100" ind1="1" ind2=" ">
    <subfield code="a">Roberts, Henry D.</subfield>
    <subfield code="q">(Henry David),</subfield>
    <subfield code="d">1870-1951</subfield>
  </datafield>
  <datafield tag="670" ind1=" " ind2=" ">
    <subfield code="a">LCCN39-22602: A history of the Royal Pavilion, Brighton, 1939</subfield>
    <subfield code="b">(hdg.: Roberts, Henry David, 1870- ; usage: Henry D. Roberts)</subfield>
  </datafield>
  <datafield tag="670" ind1=" " ind2=" ">
    <subfield code="a">NUC pre-56</subfield>
    <subfield code="b">(hdg.: Roberts, Henry David, 1870-1951; usage: Henry D. Roberts)</subfield>
  </datafield>
  <datafield tag="670" ind1=" " ind2=" ">
    <subfield code="a">Biog. index, v. 2 (1953)</subfield>
    <subfield code="b">(Roberts, Henry David, 1870-1951; Eng. librarian)</subfield>
  </datafield>
  <datafield tag="670" ind1=" " ind2=" ">
    <subfield code="a">COPAC of the Consortium of University Research Libraries, May 18, 2004</subfield>
    <subfield code="b">(hdg.: Roberts, Henry David, Director of the Public Library, Brighton)</subfield>
  </datafield>
</record>